@article{special_issue_nature,
  title = {Nature Physics Insight - Quantum Simulation},
  journal = {Nature Physics},
  volume = {8},
  year = {2012},
  month = {Apr},
  publisher = {Nature Publishing Group}
}

@book{pet_breuer:open_quantum,
	author = {Breuer, H.P. and Petruccione, F.},
	title = {The Theory of Open Quantum Systems},
	publisher = {Oxford University Press},
	date = {2003},
}

@article{savona,
title = {Emergent transport in a many-body open system driven by interacting quantum baths},
author = {Reisons, J. and Mascarenhas, E. and Savona, V.},
year = {2017},
month = {06},
pages = {},
volume = {96},
journal = {Physical Review B},
doi = {10.1103/PhysRevB.96.165137}
}

@article{Lee_Haffner_Cross,
  title = {Antiferromagnetic phase transition in a nonequilibrium lattice of Rydberg atoms},
  author = {Lee, T.E. and H\"affner, H. and Cross, M. C.},
  journal = {Phys. Rev. A},
  volume = {84},
  issue = {3},
  pages = {031402},
  numpages = {4},
  year = {2011},
  month = {Sep},
  publisher = {American Physical Society},
  doi = {10.1103/PhysRevA.84.031402},
  url = {https://link.aps.org/doi/10.1103/PhysRevA.84.031402}
}

@article{phase_trans_spin_system,
  title = {Unconventional Magnetism via Optical Pumping of Interacting Spin Systems},
  author = {Lee, T.E. and Gopalakrishnan, S. and Lukin, M.D.},
  journal = {Phys. Rev. Lett.},
  volume = {110},
  issue = {25},
  pages = {257204},
  numpages = {5},
  year = {2013},
  month = {Jun},
  publisher = {American Physical Society},
  doi = {10.1103/PhysRevLett.110.257204},
  url = {https://link.aps.org/doi/10.1103/PhysRevLett.110.257204}
}

@article{CSR_method,
  title = {Corner-Space Renormalization Method for Driven-Dissipative Two-Dimensional Correlated Systems},
  author = {Finazzi, S. and Le Boit\'e, A. and Storme, F. and Baksic, A. and Ciuti, C.},
  journal = {Phys. Rev. Lett.},
  volume = {115},
  issue = {8},
  pages = {080604},
  numpages = {5},
  year = {2015},
  month = {Aug},
  publisher = {American Physical Society},
  doi = {10.1103/PhysRevLett.115.080604},
  url = {https://link.aps.org/doi/10.1103/PhysRevLett.115.080604}
}

@article{QT_method,
  title = {Wave-function approach to dissipative processes in quantum optics},
  author = {Dalibard, J. and Castin, Y. and M\o{}lmer, K.},
  journal = {Phys. Rev. Lett.},
  volume = {68},
  issue = {5},
  pages = {580--583},
  numpages = {0},
  year = {1992},
  month = {Feb},
  publisher = {American Physical Society},
  doi = {10.1103/PhysRevLett.68.580},
  url = {https://link.aps.org/doi/10.1103/PhysRevLett.68.580}
}

@article{mpo_method,
  title = {Mixed-State Dynamics in One-Dimensional Quantum Lattice Systems: A Time-Dependent Superoperator Renormalization Algorithm},
  author = {Zwolak, M. and Vidal, G.},
  journal = {Phys. Rev. Lett.},
  volume = {93},
  issue = {20},
  pages = {207205},
  numpages = {4},
  year = {2004},
  month = {Nov},
  publisher = {American Physical Society},
  doi = {10.1103/PhysRevLett.93.207205},
  url = {https://link.aps.org/doi/10.1103/PhysRevLett.93.207205}
}